@article{series1997springer,
  title={Time series, Theory and method},
  author={Brockwell and Davis},
  year={1991},
  publisher={Springer}
}

@techreport{lo1989long,
  title={Long-term memory in stock market prices},
  author={Lo, Andrew W},
  year={1989},
  institution={National Bureau of Economic Research}
}

@article{hosoya1997limit,
  title={A limit theory for long-range dependence and statistical inference on related models},
  author={Hosoya, Yuzo},
  journal={The Annals of Statistics},
  pages={105--137},
  year={1997},
  publisher={JSTOR}
}

@article{mccloskey2013memory,
  title={Memory parameter estimation in the presence of level shifts and deterministic trends},
  author={McCloskey, Adam and Perron, Pierre},
  journal={Econometric Theory},
  volume={29},
  number={06},
  pages={1196--1237},
  year={2013},
  publisher={Cambridge Univ Press}
}

@book{tsay2005analysis,
  title={Analysis of financial time series},
  author={Tsay, Ruey S},
  volume={543},
  year={2005},
  publisher={John Wiley \& Sons}
}

@article{diebold2001long,
  title={Long memory and regime switching},
  author={Diebold, Francis X and Inoue, Atsushi},
  journal={Journal of econometrics},
  volume={105},
  number={1},
  pages={131--159},
  year={2001},
  publisher={Elsevier}
}

@article{granger2004occasional,
  title={Occasional structural breaks and long memory with an application to the S\&P 500 absolute stock returns},
  author={Granger, Clive WJ and Hyung, Namwon},
  journal={Journal of empirical finance},
  volume={11},
  number={3},
  pages={399--421},
  year={2004},
  publisher={Elsevier}
}

@article{mikosch2004nonstationarities,
  title={Nonstationarities in financial time series, the long-range dependence, and the IGARCH effects},
  author={Mikosch, Thomas and St{\u{a}}ric{\u{a}}, C{\u{a}}t{\u{a}}lin},
  journal={Review of Economics and Statistics},
  volume={86},
  number={1},
  pages={378--390},
  year={2004},
  publisher={MIT Press}
}

@book{shumway2000time,
  title={Time series analysis and its applications},
  author={Shumway, Robert H and Stoffer, David S and Stoffer, David S},
  volume={3},
  year={2000},
  publisher={Springer New York}

@article{baillie1996long,
  title={Long memory processes and fractional integration in econometrics},
  author={Baillie, Richard T},
  journal={Journal of econometrics},
  volume={73},
  number={1},
  pages={5--59},
  year={1996},
  publisher={Elsevier}
}

log-periodogram regression of time series with long range dependence. 

